<?xml version="1.0" encoding="utf-8"?>
<Document xmlns="urn:iso:std:iso:20022:tech:xsd:pain.001.001.03">
    <CstmrCdtTrfInitn>
        <GrpHdr>
            <MsgId>123123123</MsgId>
            <CreDtTm>2021-02-25T21:15:00.098+01:00</CreDtTm>
            <NbOfTxs>1</NbOfTxs>
            <CtrlSum>100.00</CtrlSum>
            <InitgPty>
                <Nm>SENDER NAME</Nm>
            </InitgPty>
        </GrpHdr>
        <PmtInf>
            <PmtInfId>123123123-123123123</PmtInfId>
            <PmtMtd>TRF</PmtMtd>
            <NbOfTxs>1</NbOfTxs>
            <CtrlSum>100.00</CtrlSum>
            <PmtTpInf>
                <SvcLvl>
                    <Cd>SEPA</Cd>
                </SvcLvl>
            </PmtTpInf>
            <ReqdExctnDt>2021-02-25</ReqdExctnDt>
            <Dbtr>
                <Nm>SENDER NAME</Nm>
            </Dbtr>
            <DbtrAcct>
                <Id>
                    <IBAN>SE7500800000000000001123</IBAN>
                </Id>
            </DbtrAcct>
            <DbtrAgt>
                <FinInstnId>
                    <BIC>ZKBKCHZZ80A</BIC>
                </FinInstnId>
            </DbtrAgt>
            <ChrgBr>SLEV</ChrgBr>
            <CdtTrfTxInf>
                <PmtId>
                    <InstrId>01-210045000139362019</InstrId>
                    <EndToEndId>NOTPROVIDED</EndToEndId>
                </PmtId>
                <Amt>
                    <InstdAmt Ccy="EUR">100.00</InstdAmt>
                </Amt>
                <CdtrAgt>
                    <FinInstnId>
                        <BIC>ZKBKCHZZ80A</BIC>
                    </FinInstnId>
                </CdtrAgt>
                <Cdtr>
                    <Nm>RECEIVER NAME</Nm>
                </Cdtr>
                <CdtrAcct>
                    <Id>
                        <IBAN>SE7500800000000000001123</IBAN>
                    </Id>
                </CdtrAcct>
                <RmtInf>
                    <Ustrd>SOME PURPOSE</Ustrd>
                </RmtInf>
            </CdtTrfTxInf>
        </PmtInf>
    </CstmrCdtTrfInitn>
</Document>